<?xml version="1.0" encoding="UTF-8"?>
<collection xmlns:xsi="http://www.w3.org/2001/XMLSchema-instance" xsi:schemaLocation="http://www.loc.gov/MARC21/slim http://www.loc.gov/standards/marcxml/schema/MARC21slim.xsd" xmlns="http://www.loc.gov/MARC21/slim">
<record>
  <leader>01179cam a2200277 i 4500</leader>
  <controlfield tag="001">38072</controlfield>
  <controlfield tag="003">NNC</controlfield>
  <controlfield tag="005">20130520202430.0</controlfield>
  <controlfield tag="008">810121s1954    ua            000 0 ara d</controlfield>
  <datafield tag="035" ind1=" " ind2=" ">
    <subfield code="a">(OCoLC)367813830</subfield>
  </datafield>
  <datafield tag="035" ind1=" " ind2=" ">
    <subfield code="a">(OCoLC)ocn367813830</subfield>
  </datafield>
  <datafield tag="035" ind1=" " ind2=" ">
    <subfield code="a">(CStRLIN)NYCG21121346-B</subfield>
  </datafield>
  <datafield tag="035" ind1=" " ind2=" ">
    <subfield code="9">AAE0174CU</subfield>
  </datafield>
  <datafield tag="035" ind1=" " ind2=" ">
    <subfield code="a">(NNC)38072</subfield>
  </datafield>
  <datafield tag="035" ind1=" " ind2=" ">
    <subfield code="a">38072</subfield>
  </datafield>
  <datafield tag="040" ind1=" " ind2=" ">
    <subfield code="a">NNC</subfield>
    <subfield code="c">NNC</subfield>
  </datafield>
  <datafield tag="090" ind1=" " ind2=" ">
    <subfield code="a">QL41</subfield>
    <subfield code="b">.D3 1954</subfield>
  </datafield>
  <datafield tag="100" ind1="1" ind2=" ">
    <subfield code="a">Damīrī, Muḥammad ibn Mūsá,</subfield>
    <subfield code="d">1341?-1405.</subfield>
  </datafield>
  <datafield tag="245" ind1="1" ind2="0">
    <subfield code="a">Ḥayāt al-ḥayawān al-kubrá /</subfield>
    <subfield code="c">lil-Ustādh Kamāl al-Dīn al-Damīrī, wa-bi-hāmishihi kitāb ʻAjāʾib al-makhlūqāt wa-al-ḥayawānāt wa-gharāʾib al-mawjūdāt / lil-Imām Zakariyā ibn Muḥammad ibn Maḥmūd al-Qazwīnī.</subfield>
  </datafield>
  <datafield tag="260" ind1=" " ind2=" ">
    <subfield code="a">al-Qāhirah :</subfield>
    <subfield code="b">Maṭbaʻat al-Istiqāmah :</subfield>
    <subfield code="b">yuṭlabu min al-Maktabah al-Tijārīyah al-kubrá,</subfield>
    <subfield code="c">1954.</subfield>
  </datafield>
  <datafield tag="300" ind1=" " ind2=" ">
    <subfield code="a">2 v. in 1 ;</subfield>
    <subfield code="c">28 cm.</subfield>
  </datafield>
  <datafield tag="650" ind1=" " ind2="0">
    <subfield code="a">Zoology</subfield>
    <subfield code="v">Pre-Linnean works.</subfield>
  </datafield>
  <datafield tag="650" ind1=" " ind2="0">
    <subfield code="a">Science, Medieval.</subfield>
  </datafield>
  <datafield tag="650" ind1=" " ind2="0">
    <subfield code="a">Science</subfield>
    <subfield code="z">Arab countries.</subfield>
  </datafield>
  <datafield tag="700" ind1="1" ind2="2">
    <subfield code="a">Qazwīnī, Zakarīyā ibn Muḥammad,</subfield>
    <subfield code="d">approximately 1203-1283.</subfield>
    <subfield code="t">ʻAjāʼib al-makhlūqāt.</subfield>
    <subfield code="f">1954.</subfield>
  </datafield>
  <datafield tag="740" ind1="0" ind2="1">
    <subfield code="a">ʻAjāʾib al-makhlūqāt.</subfield>
  </datafield>
  <datafield tag="955" ind1=" " ind2=" ">
    <subfield code="b">CU09552200</subfield>
    <subfield code="d">off,glx</subfield>
    <subfield code="e">QL41 .D3 1954</subfield>
  </datafield>
</record>
</collection>